<?xml version="1.0" encoding="UTF-8"?><collection xmlns="http://www.loc.gov/MARC21/slim"><record><leader>00418nam--2200145-i-4500</leader><controlfield tag="001">000012389</controlfield><controlfield tag="002">20161230</controlfield><controlfield tag="005">20161230201029</controlfield><controlfield tag="008">060222s1000------------r-----000-0-eng-d</controlfield><datafield ind1=" " ind2=" " tag="080"><subfield code="a">517.91</subfield></datafield><datafield ind1=" " ind2=" " tag="100"><subfield code="a">Arnold, V.I</subfield></datafield><datafield ind1=" " ind2=" " tag="245"><subfield code="a">Ecuatii diferentiale ordinare. traducere de andrei iacob</subfield></datafield><datafield ind1=" " ind2=" " tag="260"><subfield code="a">Bucuresti, Editura Stiintifica Si Enciclo- Pedica, 1978 318 P</subfield></datafield><datafield ind1=" " ind2=" " tag="852"><subfield code="a">45454</subfield><subfield code="c">517.9</subfield></datafield><datafield ind1=" " ind2=" " tag="CAT"><subfield code="a">Sys</subfield><subfield code="c">20081028</subfield><subfield code="h">104355</subfield></datafield></record></collection>